<record><leader>00000cas a22000007a 4500</leader><controlfield tag="001">9642220</controlfield><controlfield tag="008">830624d187219uumoucr ne      0   b0cze c</controlfield><datafield ind1=" " ind2=" " tag="010"><subfield code="a">sn 83045776 </subfield></datafield><datafield ind1=" " ind2=" " tag="040"><subfield code="a">CRL</subfield><subfield code="b">eng</subfield><subfield code="c">CRL</subfield><subfield code="d">NPW</subfield><subfield code="d">MQN</subfield><subfield code="d">OCLCQ</subfield><subfield code="d">OCLCF</subfield><subfield code="d">OCLCO</subfield><subfield code="d">OCLCA</subfield><subfield code="d">DLC</subfield></datafield><datafield ind1=" " ind2=" " tag="012"><subfield code="l">1</subfield></datafield><datafield ind1="0" ind2=" " tag="022"><subfield code="a">2379-6871</subfield><subfield code="2">1</subfield></datafield><datafield ind1=" " ind2=" " tag="042"><subfield code="a">pcc</subfield><subfield code="a">nsdp</subfield></datafield><datafield ind1=" " ind2=" " tag="043"><subfield code="a">n-us-mo</subfield></datafield><datafield ind1="1" ind2="0" tag="050"><subfield code="a">ISSN RECORD</subfield></datafield><datafield ind1="1" ind2="0" tag="082"><subfield code="a">070</subfield><subfield code="2">15</subfield></datafield><datafield ind1="0" ind2=" " tag="130"><subfield code="a">Hlas (Saint Louis, Mo.)</subfield></datafield><datafield ind1=" " ind2="0" tag="222"><subfield code="a">Hlas</subfield><subfield code="b">(Saint Louis, Mo.</subfield></datafield><datafield ind1="1" ind2="0" tag="245"><subfield code="a">Hlas.</subfield></datafield><datafield ind1=" " ind2=" " tag="260"><subfield code="a">Saint Louis, Mo. :</subfield><subfield code="b">Bohemian Literary Society of St. Louis, Mo.</subfield></datafield><datafield ind1=" " ind2=" " tag="300"><subfield code="a">v.</subfield></datafield><datafield ind1=" " ind2=" " tag="310"><subfield code="a">Semiweekly,</subfield><subfield code="b">r&#780;i&#769;j. 1905-</subfield></datafield><datafield ind1=" " ind2=" " tag="321"><subfield code="a">Weekly,</subfield><subfield code="b">r&#780;i&#769;j. 1873-za&#769;r&#780;i&#769; 1905</subfield></datafield><datafield ind1="1" ind2=" " tag="362"><subfield code="a">Began in Jan. 1872?</subfield></datafield><datafield ind1=" " ind2=" " tag="500"><subfield code="a">"Published every Tuesday and Friday."</subfield></datafield><datafield ind1="8" ind2=" " tag="521"><subfield code="a">"The oldest Bohemian Catholic newspaper in the United States," &lt;7. pros. 1917&gt;-21. led. 1919.</subfield></datafield><datafield ind1="8" ind2=" " tag="521"><subfield code="a">"The oldest Czecho-Slovak Catholic newspaper in the United States," 24. led. 1919-&lt;25. list. 1919&gt;.</subfield></datafield><datafield ind1=" " ind2=" " tag="546"><subfield code="a">In Czech.</subfield></datafield><datafield ind1=" " ind2=" " tag="588"><subfield code="a">Description based on: Roc&#780;. 28, c&#780;i&#769;s. 1400 (31 c&#780;erven. 1901).</subfield></datafield><datafield ind1=" " ind2="0" tag="650"><subfield code="a">Czechs</subfield><subfield code="z">Missouri</subfield><subfield code="v">Newspapers.</subfield></datafield><datafield ind1=" " ind2="7" tag="650"><subfield code="a">Czechs.</subfield><subfield code="2">fast</subfield><subfield code="0">(OCoLC)fst00886455</subfield></datafield><datafield ind1=" " ind2="7" tag="651"><subfield code="a">Missouri.</subfield><subfield code="2">fast</subfield><subfield code="0">(OCoLC)fst01204724</subfield></datafield><datafield ind1=" " ind2="7" tag="655"><subfield code="a">Newspapers.</subfield><subfield code="2">fast</subfield><subfield code="0">(OCoLC)fst01423814</subfield></datafield><datafield ind1=" " ind2=" " tag="752"><subfield code="a">United States</subfield><subfield code="b">Missouri</subfield><subfield code="d">Saint Louis.</subfield></datafield><datafield ind1="1" ind2=" " tag="029"><subfield code="a">AU@</subfield><subfield code="b">000025818030</subfield></datafield></record>